<record><leader>00000cas a22000007a 4500</leader><controlfield tag="001">11378340</controlfield><controlfield tag="008">841113d18881uuunyuwr ne      0    0eng d</controlfield><datafield ind1=" " ind2=" " tag="010"><subfield code="a">sn 84045038 </subfield></datafield><datafield ind1=" " ind2=" " tag="040"><subfield code="a">NPA</subfield><subfield code="b">eng</subfield><subfield code="c">NPA</subfield><subfield code="d">OCLCQ</subfield><subfield code="d">NJR</subfield><subfield code="d">OCLCO</subfield><subfield code="d">OCLCF</subfield></datafield><datafield ind1=" " ind2=" " tag="042"><subfield code="a">msc</subfield></datafield><datafield ind1="0" ind2=" " tag="130"><subfield code="a">Metropolis (New York, N.Y. : 1888)</subfield></datafield><datafield ind1="1" ind2="4" tag="245"><subfield code="a">The Metropolis.</subfield></datafield><datafield ind1=" " ind2=" " tag="260"><subfield code="a">New York :</subfield><subfield code="b">W.G. McLaughlin</subfield></datafield><datafield ind1=" " ind2=" " tag="300"><subfield code="a">v. :</subfield><subfield code="b">ill. ;</subfield><subfield code="c">40 cm.</subfield></datafield><datafield ind1=" " ind2=" " tag="310"><subfield code="a">Weekly</subfield></datafield><datafield ind1="0" ind2=" " tag="362"><subfield code="a">Vol. 1, no. 1 (Sept. 23, 1888)-</subfield></datafield><datafield ind1=" " ind2=" " tag="500"><subfield code="a">"An absolutely independent newspaper."</subfield></datafield><datafield ind1=" " ind2=" " tag="500"><subfield code="a">No more published?</subfield></datafield><datafield ind1=" " ind2="0" tag="650"><subfield code="a">American newspapers</subfield><subfield code="z">New York (State)</subfield><subfield code="z">New York.</subfield></datafield><datafield ind1=" " ind2="0" tag="651"><subfield code="a">New York (N.Y.)</subfield><subfield code="x">History</subfield><subfield code="v">Periodicals.</subfield></datafield><datafield ind1=" " ind2="7" tag="650"><subfield code="a">American newspapers.</subfield><subfield code="2">fast</subfield><subfield code="0">(OCoLC)fst00807293</subfield></datafield><datafield ind1=" " ind2="7" tag="651"><subfield code="a">New York (State)</subfield><subfield code="z">New York.</subfield><subfield code="2">fast</subfield><subfield code="0">(OCoLC)fst01204333</subfield></datafield><datafield ind1=" " ind2="7" tag="655"><subfield code="a">History.</subfield><subfield code="2">fast</subfield><subfield code="0">(OCoLC)fst01411628</subfield></datafield><datafield ind1=" " ind2="7" tag="655"><subfield code="a">Periodicals.</subfield><subfield code="2">fast</subfield><subfield code="0">(OCoLC)fst01411641</subfield></datafield><datafield ind1=" " ind2=" " tag="752"><subfield code="a">United States</subfield><subfield code="b">New York</subfield><subfield code="c">New York</subfield><subfield code="d">New York.</subfield></datafield></record>